[gd_scene load_steps=11 format=2]

[ext_resource path="res://White.png" type="Texture" id=1]
[ext_resource path="res://Boat.png" type="Texture" id=2]
[ext_resource path="res://Scenes/Sea.gd" type="Script" id=3]
[ext_resource path="res://Scenes/Label.gd" type="Script" id=4]
[ext_resource path="res://FallenKing-Regular.otf" type="DynamicFontData" id=5]
[ext_resource path="res://Scenes/Wave.tscn" type="PackedScene" id=6]
[ext_resource path="res://Scenes/Boat.gd" type="Script" id=8]

[sub_resource type="DynamicFont" id=1]
size = 30
font_data = ExtResource( 5 )

[sub_resource type="RectangleShape2D" id=3]
extents = Vector2( 1.49997, 3.00003 )

[sub_resource type="RectangleShape2D" id=4]

[node name="Sea" type="Node2D"]
position = Vector2( 500, 325 )
script = ExtResource( 3 )

[node name="Sky" type="Sprite" parent="."]
self_modulate = Color( 0.45098, 0.772549, 0.756863, 1 )
position = Vector2( 2.83167, 1.88776 )
scale = Vector2( 25, 20 )
texture = ExtResource( 1 )

[node name="Water" type="Sprite" parent="."]
self_modulate = Color( 0.141176, 0.427451, 0.658824, 1 )
position = Vector2( 385.06, -42.8681 )
scale = Vector2( 9.5976, 16.7018 )
texture = ExtResource( 1 )

[node name="Scorenode" type="Node2D" parent="."]
position = Vector2( -400, 0 )
rotation = -1.5708

[node name="Scoreboard" type="Label" parent="Scorenode"]
anchor_left = 0.5
anchor_right = 0.5
margin_left = -96.5
margin_right = 96.5
margin_bottom = 381.0
custom_fonts/font = SubResource( 1 )
align = 1
script = ExtResource( 4 )
__meta__ = {
"_edit_use_anchors_": false
}

[node name="HSboard" type="Label" parent="Scorenode/Scoreboard"]
anchor_left = 0.5
anchor_right = 0.5
margin_left = 75.0
margin_top = -71.0
margin_right = 315.0
margin_bottom = 381.0
custom_fonts/font = SubResource( 1 )
align = 1
__meta__ = {
"_edit_use_anchors_": false
}

[node name="Wave" parent="." instance=ExtResource( 6 )]
position = Vector2( 124.822, -200 )

[node name="Boat" type="KinematicBody2D" parent="."]
position = Vector2( 100, 0 )
script = ExtResource( 8 )

[node name="BoatSprite" type="Sprite" parent="Boat"]
rotation = -1.44513
texture = ExtResource( 2 )

[node name="CollisionShape2D" type="CollisionShape2D" parent="Boat"]
position = Vector2( 11.37, -54.504 )
rotation = 0.127409
shape = SubResource( 3 )

[node name="CollisionShape2D2" type="CollisionShape2D" parent="Boat"]
position = Vector2( -2.904, 55.49 )
rotation = 0.127409
shape = SubResource( 3 )

[node name="Middle" type="KinematicBody2D" parent="."]
position = Vector2( 55.132, 0 )
scale = Vector2( 10.698, 2.959 )

[node name="CollisionShape2D" type="CollisionShape2D" parent="Middle"]
shape = SubResource( 4 )
